<?xml version="1.0" encoding="UTF-8"?>
<!DOCTYPE html PUBLIC "-//W3C//DTD XHTML 1.0 Transitional//EN"
    "http://www.w3.org/TR/xhtml1/DTD/xhtml1-transitional.dtd">
<html xmlns="http://www.w3.org/1999/xhtml" xml:lang="en" lang="en">
 <head>
  <title>
</title>
<meta http-equiv="Content-Type" content="text/html;charset=utf-8" />
  <meta name='ocr-system' content='tesseract 3.04.00' />
  <meta name='ocr-capabilities' content='ocr_page ocr_carea ocr_par ocr_line ocrx_word'/>
</head>
<body>
  <div class='ocr_page' id='page_1' title='image "./elementasection01martgoog_0038.png"; bbox 0 0 2894 4670; ppageno 0'>
   <div class='ocr_carea' id='block_1_1' title="bbox 280 265 1403 4036">
    <p class='ocr_par' dir='ltr' id='par_1_1' title="bbox 280 265 1403 4036">
     <span class='ocr_line' id='line_1_1' title="bbox 499 265 1299 361; baseline -0.008 -7"><span class='ocrx_word' id='word_1_1' title='bbox 499 274 564 354; x_wconf 66' lang='lat' dir='ltr'>rr</span> <span class='ocrx_word' id='word_1_2' title='bbox 610 265 921 361; x_wconf 70' lang='lat' dir='ltr'>sucurouun</span> <span class='ocrx_word' id='word_1_3' title='bbox 967 265 1299 348; x_wconf 72' lang='lat' dir='ltr'>courcnrurr</span> 
     </span>
     <span class='ocr_line' id='line_1_2' title="bbox 636 359 1403 472; baseline 0 -26"><span class='ocrx_word' id='word_1_4' title='bbox 636 359 658 446; x_wconf 81' lang='lat' dir='ltr'>&#39;r</span> <span class='ocrx_word' id='word_1_5' title='bbox 694 384 816 444; x_wconf 75' lang='lat' dir='ltr'>autem</span> <span class='ocrx_word' id='word_1_6' title='bbox 850 366 989 442; x_wconf 86' lang='lat' dir='ltr'>rrtiune</span> <span class='ocrx_word' id='word_1_7' title='bbox 1021 370 1184 469; x_wconf 76' lang='lat' dir='ltr'>parabola</span> <span class='ocrx_word' id='word_1_8' title='bbox 1209 417 1223 456; x_wconf 81' lang='lat'>‚</span> <span class='ocrx_word' id='word_1_9' title='bbox 1251 374 1403 472; x_wconf 79' lang='lat' dir='ltr'>hyper-</span> 
     </span>
     <span class='ocr_line' id='line_1_3' title="bbox 465 471 1400 577; baseline -0.002 -25"><span class='ocrx_word' id='word_1_10' title='bbox 465 480 573 562; x_wconf 73' lang='lat' dir='ltr'><em>bata,</em></span> <span class='ocrx_word' id='word_1_11' title='bbox 670 471 798 577; x_wconf 75' lang='lat' dir='ltr'>ellipsis</span> <span class='ocrx_word' id='word_1_12' title='bbox 822 495 873 549; x_wconf 82' lang='lat' dir='ltr'>ex</span> <span class='ocrx_word' id='word_1_13' title='bbox 894 493 993 547; x_wconf 85' lang='lat' dir='ltr'>cono</span> <span class='ocrx_word' id='word_1_14' title='bbox 1019 473 1165 549; x_wconf 80' lang='lat' dir='ltr'>trrlrcnt</span> <span class='ocrx_word' id='word_1_15' title='bbox 1195 476 1400 576; x_wconf 82' lang='lat' dir='ltr'>originem</span> 
     </span>
     <span class='ocr_line' id='line_1_4' title="bbox 463 576 1398 679; baseline -0.005 -18"><span class='ocrx_word' id='word_1_16' title='bbox 463 586 564 661; x_wconf 82' lang='lat' dir='ltr'>suam</span> <span class='ocrx_word' id='word_1_17' title='bbox 593 576 702 679; x_wconf 77' lang='lat' dir='ltr'>,iam</span> <span class='ocrx_word' id='word_1_18' title='bbox 741 576 906 677; x_wconf 84' lang='lat' dir='ltr'>superius</span> <span class='ocrx_word' id='word_1_19' title='bbox 934 577 1122 653; x_wconf 75' lang='lat' dir='ltr'>innuimus</span> <span class='ocrx_word' id='word_1_20' title='bbox 1150 633 1160 653; x_wconf 93' lang='lat'><strong>.</strong></span> <span class='ocrx_word' id='word_1_21' title='bbox 1189 581 1398 657; x_wconf 83' lang='lat' dir='ltr'>Nimirum</span> 
     </span>
     <span class='ocr_line' id='line_1_5' title="bbox 463 680 1395 787; baseline 0.003 -29"><span class='ocrx_word' id='word_1_22' title='bbox 463 689 587 764; x_wconf 90' lang='lat' dir='ltr'>oritur</span> <span class='ocrx_word' id='word_1_23' title='bbox 599 687 638 759; x_wconf 86' lang='lat' dir='ltr'>in</span> <span class='ocrx_word' id='word_1_24' title='bbox 652 690 749 760; x_wconf 88' lang='lat' dir='ltr'>cono</span> <span class='ocrx_word' id='word_1_25' title='bbox 759 680 948 787; x_wconf 78' lang='lat' dir='ltr'>parabola,</span> <span class='ocrx_word' id='word_1_26' title='bbox 964 703 1081 781; x_wconf 89' lang='lat' dir='ltr'>quum</span> <span class='ocrx_word' id='word_1_27' title='bbox 1110 683 1292 781; x_wconf 82' lang='lat' dir='ltr'>planum.</span> <span class='ocrx_word' id='word_1_28' title='bbox 1326 705 1395 783; x_wconf 84' lang='lat' dir='ltr'>per</span> 
     </span>
     <span class='ocr_line' id='line_1_6' title="bbox 461 785 1390 896; baseline -0.006 -27"><span class='ocrx_word' id='word_1_29' title='bbox 461 792 568 896; x_wconf 85' lang='lat' dir='ltr'>quod</span> <span class='ocrx_word' id='word_1_30' title='bbox 591 788 806 889; x_wconf 77' lang='lat' dir='ltr'>dispescitur</span> <span class='ocrx_word' id='word_1_31' title='bbox 848 807 965 864; x_wconf 82' lang='lat' dir='ltr'>conus</span> <span class='ocrx_word' id='word_1_32' title='bbox 989 841 1003 878; x_wconf 86' lang='lat'><em>,</em></span> <span class='ocrx_word' id='word_1_33' title='bbox 1023 785 1121 886; x_wconf 80' lang='lat' dir='ltr'>jacet</span> <span class='ocrx_word' id='word_1_34' title='bbox 1150 785 1290 888; x_wconf 84' lang='lat' dir='ltr'>semper</span> <span class='ocrx_word' id='word_1_35' title='bbox 1332 790 1390 863; x_wconf 84' lang='lat' dir='ltr'>iu·</span> 
     </span>
     <span class='ocr_line' id='line_1_7' title="bbox 460 885 1390 994; baseline -0.001 -22"><span class='ocrx_word' id='word_1_36' title='bbox 460 915 519 972; x_wconf 78' lang='grc' dir='ltr'>ιιι</span> <span class='ocrx_word' id='word_1_37' title='bbox 531 919 667 974; x_wconf 90' lang='lat' dir='ltr'>conum</span> <span class='ocrx_word' id='word_1_38' title='bbox 682 937 695 978; x_wconf 84' lang='lat' dir='ltr'>r</span> <span class='ocrx_word' id='word_1_39' title='bbox 710 917 774 970; x_wconf 89' lang='lat' dir='ltr'>nec</span> <span class='ocrx_word' id='word_1_40' title='bbox 790 892 955 994; x_wconf 76' lang='lat' dir='ltr'>superius</span> <span class='ocrx_word' id='word_1_41' title='bbox 983 885 1209 990; x_wconf 65' lang='lat' dir='ltr'>productum</span> <span class='ocrx_word' id='word_1_42' title='bbox 1240 917 1390 973; x_wconf 84' lang='lat' dir='ltr'>conum</span> 
     </span>
     <span class='ocr_line' id='line_1_8' title="bbox 460 997 1386 1100; baseline -0.002 -24"><span class='ocrx_word' id='word_1_43' title='bbox 460 1001 554 1077; x_wconf 77' lang='lat' dir='ltr'>secut</span> <span class='ocrx_word' id='word_1_44' title='bbox 591 998 780 1076; x_wconf 79' lang='lat' dir='ltr'>adversum</span> <span class='ocrx_word' id='word_1_45' title='bbox 819 1052 830 1074; x_wconf 86' lang='lat'><strong>.</strong></span> <span class='ocrx_word' id='word_1_46' title='bbox 874 997 1012 1075; x_wconf 82' lang='lat' dir='ltr'>Oritur</span> <span class='ocrx_word' id='word_1_47' title='bbox 1041 1021 1129 1074; x_wconf 83' lang='lat' dir='ltr'>vero</span> <span class='ocrx_word' id='word_1_48' title='bbox 1156 998 1386 1100; x_wconf 65' lang='lat' dir='ltr'>hyperbultn</span> 
     </span>
     <span class='ocr_line' id='line_1_9' title="bbox 459 1102 1387 1205; baseline -0.004 -25"><span class='ocrx_word' id='word_1_49' title='bbox 459 1104 690 1205; x_wconf 86' lang='lat' dir='ltr'>quunridrnr</span> <span class='ocrx_word' id='word_1_50' title='bbox 718 1105 863 1202; x_wconf 81' lang='lat' dir='ltr'>plrnunr</span> <span class='ocrx_word' id='word_1_51' title='bbox 890 1112 985 1196; x_wconf 79' lang='lat' dir='ltr'>jacet</span> <span class='ocrx_word' id='word_1_52' title='bbox 1010 1102 1159 1204; x_wconf 87' lang='lat' dir='ltr'>quidem</span> <span class='ocrx_word' id='word_1_53' title='bbox 1189 1102 1387 1179; x_wconf 82' lang='lat' dir='ltr'>continuo</span> 
     </span>
     <span class='ocr_line' id='line_1_10' title="bbox 457 1205 1387 1308; baseline -0.005 -24"><span class='ocrx_word' id='word_1_54' title='bbox 457 1211 556 1286; x_wconf 71' lang='lat' dir='ltr'>iutra</span> <span class='ocrx_word' id='word_1_55' title='bbox 594 1233 731 1288; x_wconf 88' lang='lat' dir='ltr'>conum</span> <span class='ocrx_word' id='word_1_56' title='bbox 759 1261 773 1300; x_wconf 85' lang='lat'>‚</span> <span class='ocrx_word' id='word_1_57' title='bbox 799 1207 859 1283; x_wconf 89' lang='lat' dir='ltr'>sed</span> <span class='ocrx_word' id='word_1_58' title='bbox 901 1205 1036 1284; x_wconf 87' lang='lat' dir='ltr'>sursum</span> <span class='ocrx_word' id='word_1_59' title='bbox 1064 1205 1291 1308; x_wconf 74' lang='lat' dir='ltr'>produiium</span> <span class='ocrx_word' id='word_1_60' title='bbox 1332 1205 1387 1280; x_wconf 85' lang='lat' dir='ltr'>se·</span> 
     </span>
     <span class='ocr_line' id='line_1_11' title="bbox 457 1312 1386 1420; baseline -0.006 -26"><span class='ocrx_word' id='word_1_61' title='bbox 457 1330 518 1394; x_wconf 73' lang='lat' dir='ltr'>cut</span> <span class='ocrx_word' id='word_1_62' title='bbox 532 1319 639 1392; x_wconf 79' lang='lat' dir='ltr'>eriam</span> <span class='ocrx_word' id='word_1_63' title='bbox 652 1337 787 1394; x_wconf 88' lang='lat' dir='ltr'>conum</span> <span class='ocrx_word' id='word_1_64' title='bbox 810 1312 1020 1420; x_wconf 86' lang='lat' dir='ltr'>oppolrtum</span> <span class='ocrx_word' id='word_1_65' title='bbox 1035 1356 1048 1397; x_wconf 83' lang='lat' dir='ltr'>r</span> <span class='ocrx_word' id='word_1_66' title='bbox 1063 1312 1127 1388; x_wconf 86' lang='lat' dir='ltr'>ubi</span> <span class='ocrx_word' id='word_1_67' title='bbox 1156 1313 1386 1416; x_wconf 74' lang='lat' dir='ltr'>hyperbolum</span> 
     </span>
     <span class='ocr_line' id='line_1_12' title="bbox 455 1417 1384 1520; baseline -0.003 -24"><span class='ocrx_word' id='word_1_68' title='bbox 455 1419 563 1496; x_wconf 81' lang='lat' dir='ltr'>riirm</span> <span class='ocrx_word' id='word_1_69' title='bbox 574 1438 670 1498; x_wconf 79' lang='lat' dir='ltr'>creat</span> <span class='ocrx_word' id='word_1_70' title='bbox 684 1474 696 1496; x_wconf 89' lang='lat'><strong>.</strong></span> <span class='ocrx_word' id='word_1_71' title='bbox 711 1417 760 1496; x_wconf 85' lang='lat' dir='ltr'>Et</span> <span class='ocrx_word' id='word_1_72' title='bbox 775 1417 934 1519; x_wconf 88' lang='lat' dir='ltr'>denique</span> <span class='ocrx_word' id='word_1_73' title='bbox 948 1418 1069 1494; x_wconf 88' lang='lat' dir='ltr'>oritur</span> <span class='ocrx_word' id='word_1_74' title='bbox 1091 1417 1217 1520; x_wconf 79' lang='lat' dir='ltr'>ellipfir</span> <span class='ocrx_word' id='word_1_75' title='bbox 1232 1469 1245 1507; x_wconf 86' lang='lat'><strong><em>,</em></strong></span> <span class='ocrx_word' id='word_1_76' title='bbox 1261 1439 1384 1517; x_wconf 88' lang='lat' dir='ltr'>quum</span> 
     </span>
     <span class='ocr_line' id='line_1_13' title="bbox 454 1522 1383 1624; baseline 0.003 -29"><span class='ocrx_word' id='word_1_77' title='bbox 454 1522 603 1623; x_wconf 78' lang='lat' dir='ltr'>pianum</span> <span class='ocrx_word' id='word_1_78' title='bbox 618 1522 738 1600; x_wconf 74' lang='lat' dir='ltr'>secans</span> <span class='ocrx_word' id='word_1_79' title='bbox 753 1528 925 1624; x_wconf 84' lang='lat' dir='ltr'>utrinque</span> <span class='ocrx_word' id='word_1_80' title='bbox 939 1522 1129 1622; x_wconf 77' lang='lat' dir='ltr'>egreditur</span> <span class='ocrx_word' id='word_1_81' title='bbox 1141 1545 1188 1597; x_wconf 83' lang='lat' dir='ltr'>ex</span> <span class='ocrx_word' id='word_1_82' title='bbox 1204 1522 1383 1605; x_wconf 84' lang='lat' dir='ltr'>corro,sed</span> 
     </span>
     <span class='ocr_line' id='line_1_14' title="bbox 454 1623 1382 1732; baseline -0.001 -30"><span class='ocrx_word' id='word_1_83' title='bbox 454 1623 570 1704; x_wconf 80' lang='lat' dir='ltr'>seslio</span> <span class='ocrx_word' id='word_1_84' title='bbox 583 1651 651 1707; x_wconf 87' lang='lat' dir='ltr'>nec</span> <span class='ocrx_word' id='word_1_85' title='bbox 663 1627 714 1706; x_wconf 85' lang='lat' dir='ltr'>est</span> <span class='ocrx_word' id='word_1_86' title='bbox 727 1627 797 1704; x_wconf 81' lang='lat' dir='ltr'>basr</span> <span class='ocrx_word' id='word_1_87' title='bbox 810 1623 1040 1732; x_wconf 76' lang='lat' dir='ltr'>cquidiiimr</span> <span class='ocrx_word' id='word_1_88' title='bbox 1053 1682 1068 1722; x_wconf 83' lang='lat'>,</span> <span class='ocrx_word' id='word_1_89' title='bbox 1082 1651 1146 1713; x_wconf 79' lang='lat' dir='ltr'>nec</span> <span class='ocrx_word' id='word_1_90' title='bbox 1158 1624 1276 1704; x_wconf 82' lang='lat' dir='ltr'>eidem</span> <span class='ocrx_word' id='word_1_91' title='bbox 1291 1627 1382 1704; x_wconf 87' lang='lat' dir='ltr'>sub·</span> 
     </span>
     <span class='ocr_line' id='line_1_15' title="bbox 455 1736 983 1812; baseline -0.008 -2"><span class='ocrx_word' id='word_1_92' title='bbox 455 1736 663 1812; x_wconf 76' lang='lat' dir='ltr'>coutrrria.</span> <span class='ocrx_word' id='word_1_93' title='bbox 980 1759 983 1766; x_wconf 61' lang='lat'><em>¹</em></span> 
     </span>
     <span class='ocr_line' id='line_1_16' title="bbox 325 1831 1378 1951; baseline -0.009 -28"><span class='ocrx_word' id='word_1_94' title='bbox 325 1831 451 1951; x_wconf 44' lang='grc' dir='ltr'>ἔξω</span> <span class='ocrx_word' id='word_1_95' title='bbox 509 1839 578 1923; x_wconf 86' lang='lat'>111.</span> <span class='ocrx_word' id='word_1_96' title='bbox 633 1843 785 1923; x_wconf 88' lang='lat' dir='ltr'>lnterim</span> <span class='ocrx_word' id='word_1_97' title='bbox 800 1842 970 1921; x_wconf 72' lang='lat' dir='ltr'>Euclides</span> <span class='ocrx_word' id='word_1_98' title='bbox 995 1846 1008 1935; x_wconf 66' lang='lat' dir='ltr'><strong>j</strong></span> <span class='ocrx_word' id='word_1_99' title='bbox 1035 1843 1073 1919; x_wconf 78' lang='lat' dir='ltr'>dr</span> <span class='ocrx_word' id='word_1_100' title='bbox 1097 1837 1323 1941; x_wconf 81' lang='lat' dir='ltr'>Apollonius</span> <span class='ocrx_word' id='word_1_101' title='bbox 1338 1837 1378 1913; x_wconf 87' lang='lat' dir='ltr'>iu</span> 
     </span>
     <span class='ocr_line' id='line_1_17' title="bbox 280 1946 1377 2045; baseline -0.005 -22"><span class='ocrx_word' id='word_1_102' title='bbox 280 1967 364 2031; x_wconf 68' lang='lat' dir='ltr'>rnen</span> <span class='ocrx_word' id='word_1_103' title='bbox 404 1946 625 2024; x_wconf 65' lang='lat' dir='ltr'>metuendis</span> <span class='ocrx_word' id='word_1_104' title='bbox 645 1951 770 2025; x_wconf 72' lang='lat' dir='ltr'>curvis</span> <span class='ocrx_word' id='word_1_105' title='bbox 788 1950 860 2024; x_wconf 77' lang='lat' dir='ltr'>istis</span> <span class='ocrx_word' id='word_1_106' title='bbox 878 1968 925 2024; x_wconf 79' lang='lat' dir='ltr'>ex</span> <span class='ocrx_word' id='word_1_107' title='bbox 952 1970 1049 2024; x_wconf 90' lang='lat' dir='ltr'>cono</span> <span class='ocrx_word' id='word_1_108' title='bbox 1073 1947 1295 2045; x_wconf 77' lang='lat' dir='ltr'>triangulum</span> <span class='ocrx_word' id='word_1_109' title='bbox 1312 1967 1377 2042; x_wconf 87' lang='lat' dir='ltr'>per</span> 
     </span>
     <span class='ocr_line' id='line_1_18' title="bbox 282 2043 1370 2164; baseline -0.001 -42"><span class='ocrx_word' id='word_1_110' title='bbox 282 2043 336 2144; x_wconf 66' lang='lat'>{212</span> <span class='ocrx_word' id='word_1_111' title='bbox 360 2047 444 2164; x_wconf 50' lang='lat' dir='ltr'>‘5:7⁹1ss</span> <span class='ocrx_word' id='word_1_112' title='bbox 455 2070 563 2126; x_wconf 76' lang='lat' dir='ltr'>axem</span> <span class='ocrx_word' id='word_1_113' title='bbox 575 2043 711 2126; x_wconf 79' lang='lat' dir='ltr'>fesium</span> <span class='ocrx_word' id='word_1_114' title='bbox 724 2056 828 2128; x_wconf 86' lang='lat' dir='ltr'>velut</span> <span class='ocrx_word' id='word_1_115' title='bbox 849 2051 1010 2149; x_wconf 79' lang='lat' dir='ltr'>regulam</span> <span class='ocrx_word' id='word_1_116' title='bbox 1025 2050 1247 2127; x_wconf 77' lang='lat' dir='ltr'>adhibebant</span> <span class='ocrx_word' id='word_1_117' title='bbox 1270 2048 1370 2123; x_wconf 72' lang='grc' dir='ltr'>,διά</span> 
     </span>
     <span class='ocr_line' id='line_1_19' title="bbox 282 2155 1368 2254; baseline -0.004 -24"><span class='ocrx_word' id='word_1_118' title='bbox 282 2170 358 2217; x_wconf 76' lang='lat' dir='ltr'>um·</span> <span class='ocrx_word' id='word_1_119' title='bbox 453 2175 617 2230; x_wconf 83' lang='lat' dir='ltr'>remnou</span> <span class='ocrx_word' id='word_1_120' title='bbox 644 2155 765 2233; x_wconf 83' lang='lat' dir='ltr'>erdem</span> <span class='ocrx_word' id='word_1_121' title='bbox 791 2157 932 2231; x_wconf 81' lang='lat' dir='ltr'>ratione</span> <span class='ocrx_word' id='word_1_122' title='bbox 959 2155 1066 2232; x_wconf 83' lang='lat' dir='ltr'>umbo</span> <span class='ocrx_word' id='word_1_123' title='bbox 1091 2155 1368 2254; x_wconf 65' lang='lat' dir='ltr'>exposueruntr</span> 
     </span>
     <span class='ocr_line' id='line_1_20' title="bbox 451 2256 1371 2358; baseline -0.004 -24"><span class='ocrx_word' id='word_1_124' title='bbox 451 2256 622 2334; x_wconf 79' lang='lat' dir='ltr'>Euclides</span> <span class='ocrx_word' id='word_1_125' title='bbox 637 2259 903 2358; x_wconf 77' lang='lat' dir='ltr'>liquidemmon</span> <span class='ocrx_word' id='word_1_126' title='bbox 917 2259 1023 2337; x_wconf 82' lang='lat' dir='ltr'>aliter</span> <span class='ocrx_word' id='word_1_127' title='bbox 1045 2285 1180 2339; x_wconf 88' lang='lat' dir='ltr'>conum</span> <span class='ocrx_word' id='word_1_128' title='bbox 1195 2262 1301 2358; x_wconf 83' lang='lat' dir='ltr'>plano</span> <span class='ocrx_word' id='word_1_129' title='bbox 1316 2258 1371 2330; x_wconf 87' lang='lat' dir='ltr'>se·</span> 
     </span>
     <span class='ocr_line' id='line_1_21' title="bbox 449 2359 1368 2468; baseline -0.007 -27"><span class='ocrx_word' id='word_1_130' title='bbox 449 2363 554 2441; x_wconf 76' lang='lat' dir='ltr'>cubat</span> <span class='ocrx_word' id='word_1_131' title='bbox 571 2388 705 2464; x_wconf 86' lang='lat' dir='ltr'>,quum</span> <span class='ocrx_word' id='word_1_132' title='bbox 719 2384 764 2442; x_wconf 91' lang='lat' dir='ltr'>ut</span> <span class='ocrx_word' id='word_1_133' title='bbox 778 2367 845 2442; x_wconf 78' lang='lat' dir='ltr'>uni</span> <span class='ocrx_word' id='word_1_134' title='bbox 858 2367 1012 2444; x_wconf 81' lang='lat' dir='ltr'>luterum</span> <span class='ocrx_word' id='word_1_135' title='bbox 1039 2370 1116 2468; x_wconf 74' lang='lat' dir='ltr'>eius</span> <span class='ocrx_word' id='word_1_136' title='bbox 1129 2361 1306 2463; x_wconf 77' lang='lat' dir='ltr'>trianguli</span> <span class='ocrx_word' id='word_1_137' title='bbox 1320 2359 1368 2436; x_wconf 82' lang='lat' dir='ltr'>ad</span> 
     </span>
     <span class='ocr_line' id='line_1_22' title="bbox 447 2469 1368 2572; baseline -0.005 -29"><span class='ocrx_word' id='word_1_138' title='bbox 447 2469 713 2572; x_wconf 79' lang='lat' dir='ltr'>rellorangulor</span> <span class='ocrx_word' id='word_1_139' title='bbox 724 2489 950 2551; x_wconf 82' lang='lat' dir='ltr'>occurreret.</span> <span class='ocrx_word' id='word_1_140' title='bbox 966 2471 1077 2549; x_wconf 87' lang='lat' dir='ltr'>Unde</span> <span class='ocrx_word' id='word_1_141' title='bbox 1092 2515 1102 2556; x_wconf 86' lang='lat'>,</span> <span class='ocrx_word' id='word_1_142' title='bbox 1115 2470 1201 2571; x_wconf 80' lang='lat' dir='ltr'>quir</span> <span class='ocrx_word' id='word_1_143' title='bbox 1225 2471 1368 2542; x_wconf 80' lang='lat' dir='ltr'>dumta-</span> 
     </span>
     <span class='ocr_line' id='line_1_23' title="bbox 446 2572 1366 2676; baseline -0.008 -25"><span class='ocrx_word' id='word_1_144' title='bbox 446 2590 515 2651; x_wconf 81' lang='lat' dir='ltr'>xat</span> <span class='ocrx_word' id='word_1_145' title='bbox 545 2598 678 2650; x_wconf 89' lang='lat' dir='ltr'>conum</span> <span class='ocrx_word' id='word_1_146' title='bbox 701 2573 840 2653; x_wconf 67' lang='lat' dir='ltr'>redium</span> <span class='ocrx_word' id='word_1_147' title='bbox 866 2578 1047 2676; x_wconf 75' lang='lat' dir='ltr'>ignovit,</span> <span class='ocrx_word' id='word_1_148' title='bbox 1075 2583 1218 2675; x_wconf 88' lang='lat' dir='ltr'>inquo</span> <span class='ocrx_word' id='word_1_149' title='bbox 1246 2572 1366 2648; x_wconf 79' lang='lat' dir='ltr'>omnia</span> 
     </span>
     <span class='ocr_line' id='line_1_24' title="bbox 446 2677 1367 2778; baseline 0 -27"><span class='ocrx_word' id='word_1_150' title='bbox 446 2677 630 2778; x_wconf 76' lang='lat' dir='ltr'>triangula</span> <span class='ocrx_word' id='word_1_151' title='bbox 647 2703 710 2774; x_wconf 85' lang='lat' dir='ltr'>per</span> <span class='ocrx_word' id='word_1_152' title='bbox 723 2704 828 2758; x_wconf 77' lang='lat' dir='ltr'>axem</span> <span class='ocrx_word' id='word_1_153' title='bbox 844 2680 934 2755; x_wconf 71' lang='lat' dir='ltr'>ledia</span> <span class='ocrx_word' id='word_1_154' title='bbox 953 2685 1039 2758; x_wconf 89' lang='lat' dir='ltr'>sunt</span> <span class='ocrx_word' id='word_1_155' title='bbox 1062 2679 1217 2756; x_wconf 78' lang='lat' dir='ltr'>isoscelia</span> <span class='ocrx_word' id='word_1_156' title='bbox 1232 2679 1294 2762; x_wconf 75' lang='lat' dir='ltr'>‚u</span> <span class='ocrx_word' id='word_1_157' title='bbox 1319 2699 1367 2751; x_wconf 73' lang='grc' dir='ltr'>ω·</span> 
     </span>
     <span class='ocr_line' id='line_1_25' title="bbox 444 2783 1366 2884; baseline 0.002 -30"><span class='ocrx_word' id='word_1_158' title='bbox 444 2783 567 2878; x_wconf 75' lang='lat' dir='ltr'>quales</span> <span class='ocrx_word' id='word_1_159' title='bbox 582 2783 619 2856; x_wconf 91' lang='lat' dir='ltr'>in</span> <span class='ocrx_word' id='word_1_160' title='bbox 636 2786 772 2860; x_wconf 85' lang='lat' dir='ltr'>vertice</span> <span class='ocrx_word' id='word_1_161' title='bbox 782 2788 940 2884; x_wconf 78' lang='lat' dir='ltr'>angulos</span> <span class='ocrx_word' id='word_1_162' title='bbox 955 2789 1088 2862; x_wconf 79' lang='lat' dir='ltr'>habent</span> <span class='ocrx_word' id='word_1_163' title='bbox 1104 2805 1116 2866; x_wconf 81' lang='lat'>3</span> <span class='ocrx_word' id='word_1_164' title='bbox 1130 2809 1178 2860; x_wconf 83' lang='lat' dir='ltr'>ex</span> <span class='ocrx_word' id='word_1_165' title='bbox 1195 2806 1284 2869; x_wconf 89' lang='lat' dir='ltr'>uno,</span> <span class='ocrx_word' id='word_1_166' title='bbox 1299 2805 1366 2856; x_wconf 87' lang='lat' dir='ltr'>eo·</span> 
     </span>
     <span class='ocr_line' id='line_1_26' title="bbox 443 2885 1365 2987; baseline -0.001 -28"><span class='ocrx_word' id='word_1_167' title='bbox 443 2885 597 2986; x_wconf 83' lang='lat' dir='ltr'>demque</span> <span class='ocrx_word' id='word_1_168' title='bbox 610 2911 707 2962; x_wconf 87' lang='lat' dir='ltr'>cono</span> <span class='ocrx_word' id='word_1_169' title='bbox 722 2912 850 2964; x_wconf 77' lang='lat' dir='ltr'>curvas</span> <span class='ocrx_word' id='word_1_170' title='bbox 866 2892 943 2966; x_wconf 79' lang='lat' dir='ltr'>illas</span> <span class='ocrx_word' id='word_1_171' title='bbox 957 2913 1084 2968; x_wconf 76' lang='lat' dir='ltr'>omues</span> <span class='ocrx_word' id='word_1_172' title='bbox 1096 2913 1219 2964; x_wconf 88' lang='lat' dir='ltr'>eruere</span> <span class='ocrx_word' id='word_1_173' title='bbox 1233 2888 1365 2987; x_wconf 85' lang='lat' dir='ltr'>nequi-</span> 
     </span>
     <span class='ocr_line' id='line_1_27' title="bbox 445 2990 1362 3095; baseline 0.001 -31"><span class='ocrx_word' id='word_1_174' title='bbox 445 2990 521 3077; x_wconf 78' lang='lat' dir='ltr'>bat.</span> <span class='ocrx_word' id='word_1_175' title='bbox 536 2992 594 3066; x_wconf 87' lang='lat' dir='ltr'>sed</span> <span class='ocrx_word' id='word_1_176' title='bbox 610 3017 677 3090; x_wconf 88' lang='lat' dir='ltr'>pro</span> <span class='ocrx_word' id='word_1_177' title='bbox 692 3017 911 3095; x_wconf 78' lang='lat' dir='ltr'>unaquaque</span> <span class='ocrx_word' id='word_1_178' title='bbox 925 2997 1064 3074; x_wconf 77' lang='lat' dir='ltr'>iliarum</span> <span class='ocrx_word' id='word_1_179' title='bbox 1079 2993 1252 3095; x_wconf 76' lang='lat' dir='ltr'>peculiari</span> <span class='ocrx_word' id='word_1_180' title='bbox 1266 3015 1362 3092; x_wconf 86' lang='lat' dir='ltr'>quo·</span> 
     </span>
     <span class='ocr_line' id='line_1_28' title="bbox 443 3094 977 3197; baseline 0.013 -29"><span class='ocrx_word' id='word_1_181' title='bbox 443 3094 524 3172; x_wconf 79' lang='lat' dir='ltr'>dum</span> <span class='ocrx_word' id='word_1_182' title='bbox 539 3099 902 3197; x_wconf 78' lang='lat' dir='ltr'>conoeiopuserrr.</span> <span class='ocrx_word' id='word_1_183' title='bbox 975 3145 977 3152; x_wconf 94' lang='lat'>·</span> 
     </span>
     <span class='ocr_line' id='line_1_29' title="bbox 445 3202 1364 3292; baseline 0 -17"><span class='ocrx_word' id='word_1_184' title='bbox 445 3233 449 3238; x_wconf 95' lang='lat'><em>·</em></span> <span class='ocrx_word' id='word_1_185' title='bbox 550 3203 747 3292; x_wconf 88' lang='lat' dir='ltr'>Nimirum,</span> <span class='ocrx_word' id='word_1_186' title='bbox 761 3202 825 3277; x_wconf 78' lang='lat' dir='ltr'>etsi</span> <span class='ocrx_word' id='word_1_187' title='bbox 842 3229 959 3282; x_wconf 82' lang='lat' dir='ltr'>conus</span> <span class='ocrx_word' id='word_1_188' title='bbox 983 3207 1181 3286; x_wconf 78' lang='lat' dir='ltr'>euciidaeus</span> <span class='ocrx_word' id='word_1_189' title='bbox 1207 3205 1364 3288; x_wconf 77' lang='lat' dir='ltr'>oriatur,</span> 
     </span>
     <span class='ocr_line' id='line_1_30' title="bbox 443 3303 1362 3413; baseline 0.009 -39"><span class='ocrx_word' id='word_1_190' title='bbox 443 3303 594 3400; x_wconf 74' lang='lat' dir='ltr'>quando</span> <span class='ocrx_word' id='word_1_191' title='bbox 605 3303 802 3407; x_wconf 69' lang='lat' dir='ltr'>restunguli</span> <span class='ocrx_word' id='word_1_192' title='bbox 817 3310 990 3413; x_wconf 83' lang='lat' dir='ltr'>trianguli</span> <span class='ocrx_word' id='word_1_193' title='bbox 1006 3329 1171 3392; x_wconf 81' lang='lat' dir='ltr'>manente</span> <span class='ocrx_word' id='word_1_194' title='bbox 1187 3334 1264 3386; x_wconf 89' lang='lat' dir='ltr'>uno</span> <span class='ocrx_word' id='word_1_195' title='bbox 1277 3327 1362 3383; x_wconf 87' lang='lat' dir='ltr'>ctu·</span> 
     </span>
     <span class='ocr_line' id='line_1_31' title="bbox 442 3409 1360 3516; baseline 0.007 -36"><span class='ocrx_word' id='word_1_196' title='bbox 442 3430 523 3481; x_wconf 89' lang='lat' dir='ltr'>rum</span> <span class='ocrx_word' id='word_1_197' title='bbox 539 3452 551 3490; x_wconf 84' lang='lat'><strong>‚</strong></span> <span class='ocrx_word' id='word_1_198' title='bbox 566 3409 851 3487; x_wconf 85' lang='lat' dir='ltr'>circumducitur</span> <span class='ocrx_word' id='word_1_199' title='bbox 864 3438 948 3491; x_wconf 87' lang='lat' dir='ltr'>crus</span> <span class='ocrx_word' id='word_1_200' title='bbox 970 3420 1136 3504; x_wconf 82' lang='lat' dir='ltr'>alterum,</span> <span class='ocrx_word' id='word_1_201' title='bbox 1155 3418 1267 3516; x_wconf 87' lang='lat' dir='ltr'>usque</span> <span class='ocrx_word' id='word_1_202' title='bbox 1290 3412 1360 3486; x_wconf 92' lang='lat' dir='ltr'>do·</span> 
     </span>
     <span class='ocr_line' id='line_1_32' title="bbox 442 3513 1360 3615; baseline 0.007 -32"><span class='ocrx_word' id='word_1_203' title='bbox 442 3513 568 3585; x_wconf 82' lang='lat' dir='ltr'>necari</span> <span class='ocrx_word' id='word_1_204' title='bbox 584 3517 738 3608; x_wconf 83' lang='lat' dir='ltr'>priorem</span> <span class='ocrx_word' id='word_1_205' title='bbox 752 3516 854 3593; x_wconf 85' lang='lat' dir='ltr'>suum</span> <span class='ocrx_word' id='word_1_206' title='bbox 882 3523 1005 3598; x_wconf 90' lang='lat' dir='ltr'>locum</span> <span class='ocrx_word' id='word_1_207' title='bbox 1030 3539 1233 3614; x_wconf 74' lang='lat' dir='ltr'>revertatur</span> <span class='ocrx_word' id='word_1_208' title='bbox 1246 3541 1260 3600; x_wconf 71' lang='grc' dir='ltr'>ς</span> <span class='ocrx_word' id='word_1_209' title='bbox 1273 3517 1360 3615; x_wconf 86' lang='lat' dir='ltr'>pol·</span> 
     </span>
     <span class='ocr_line' id='line_1_33' title="bbox 440 3615 1360 3734; baseline 0.005 -46"><span class='ocrx_word' id='word_1_210' title='bbox 440 3615 526 3690; x_wconf 80' lang='lat' dir='ltr'>lunt</span> <span class='ocrx_word' id='word_1_211' title='bbox 553 3633 671 3690; x_wconf 77' lang='lat' dir='ltr'>tamen</span> <span class='ocrx_word' id='word_1_212' title='bbox 687 3617 766 3716; x_wconf 86' lang='lat' dir='ltr'>ejus</span> <span class='ocrx_word' id='word_1_213' title='bbox 795 3625 879 3696; x_wconf 90' lang='lat' dir='ltr'>coui</span> <span class='ocrx_word' id='word_1_214' title='bbox 906 3641 980 3699; x_wconf 83' lang='lat' dir='ltr'>tres</span> <span class='ocrx_word' id='word_1_215' title='bbox 994 3627 1136 3734; x_wconf 80' lang='lat' dir='ltr'>species</span> <span class='ocrx_word' id='word_1_216' title='bbox 1165 3621 1360 3722; x_wconf 82' lang='lat' dir='ltr'>distingui,</span> 
     </span>
     <span class='ocr_line' id='line_1_34' title="bbox 439 3727 1359 3830; baseline 0.008 -37"><span class='ocrx_word' id='word_1_217' title='bbox 439 3737 543 3822; x_wconf 76' lang='lat' dir='ltr'>prout</span> <span class='ocrx_word' id='word_1_218' title='bbox 557 3746 638 3798; x_wconf 76' lang='lat' dir='ltr'>crus</span> <span class='ocrx_word' id='word_1_219' title='bbox 654 3746 790 3803; x_wconf 80' lang='lat' dir='ltr'>muneris</span> <span class='ocrx_word' id='word_1_220' title='bbox 806 3727 853 3830; x_wconf 78' lang='lat' dir='ltr'>est</span> <span class='ocrx_word' id='word_1_221' title='bbox 879 3731 1011 3829; x_wconf 70' lang='lat' dir='ltr'>equale</span> <span class='ocrx_word' id='word_1_222' title='bbox 1027 3778 1038 3817; x_wconf 84' lang='lat'>‚</span> <span class='ocrx_word' id='word_1_223' title='bbox 1053 3733 1169 3810; x_wconf 78' lang='lat' dir='ltr'>minut</span> <span class='ocrx_word' id='word_1_224' title='bbox 1183 3778 1194 3817; x_wconf 84' lang='lat'>‚</span> <span class='ocrx_word' id='word_1_225' title='bbox 1209 3731 1273 3812; x_wconf 82' lang='lat' dir='ltr'>vel</span> <span class='ocrx_word' id='word_1_226' title='bbox 1284 3747 1359 3800; x_wconf 79' lang='lat' dir='ltr'>ma·</span> 
     </span>
     <span class='ocr_line' id='line_1_35' title="bbox 435 3819 1361 3946; baseline 0.002 -40"><span class='ocrx_word' id='word_1_227' title='bbox 435 3819 499 3924; x_wconf 73' lang='lat' dir='ltr'>jus</span> <span class='ocrx_word' id='word_1_228' title='bbox 521 3832 875 3942; x_wconf 67' lang='lat' dir='ltr'>frutetitcttmduilo</span> <span class='ocrx_word' id='word_1_229' title='bbox 890 3829 1140 3946; x_wconf 75' lang='lat' dir='ltr'>.Protriplici</span> <span class='ocrx_word' id='word_1_230' title='bbox 1164 3837 1261 3943; x_wconf 82' lang='lat' dir='ltr'>euim</span> <span class='ocrx_word' id='word_1_231' title='bbox 1283 3833 1361 3932; x_wconf 68' lang='lat' dir='ltr'>hoq</span> 
     </span>
     <span class='ocr_line' id='line_1_36' title="bbox 489 3967 1306 4036; baseline 0.005 -11"><span class='ocrx_word' id='word_1_232' title='bbox 489 3967 493 3976; x_wconf 82' lang='lat'>&#39;</span> <span class='ocrx_word' id='word_1_233' title='bbox 1093 4017 1096 4028; x_wconf 85' lang='lat'>.</span> <span class='ocrx_word' id='word_1_234' title='bbox 1244 3967 1306 4036; x_wconf 63' lang='lat' dir='ltr'>‚clu</span> 
     </span>
    </p>
   </div>
   <div class='ocr_carea' id='block_1_2' title="bbox 0 0 1452 4670">
    <p class='ocr_par' dir='ltr' id='par_1_2' title="bbox 0 0 1452 4670">
     <span class='ocr_line' id='line_1_37' title="bbox 0 0 1452 4670; baseline 0 9"><span class='ocrx_word' id='word_1_235' title='bbox 0 0 1452 4670; x_wconf 95' lang='lat' dir='ltr'> </span> 
     </span>
    </p>
   </div>
  </div>
 </body>
</html>
